%% This BibTeX bibliography file was created using BibDesk.
%% http://bibdesk.sourceforge.net/


%% Created for Phillip Alday at 2013-10-27 16:51:32 +0100 


%% Saved with string encoding Unicode (UTF-8) 



@article{bastiaansenhagoort2006a,
	Author = {Bastiaansen, Marcel and Hagoort, Peter},
	Journal = {Prog Brain Res},
	Pages = {179-96},
	Title = {Oscillatory neuronal dynamics during language comprehension},
	Volume = {159},
	Year = {2006}}

@article{davidsonindefrey2007a,
	Author = {Davidson, D. J. and Indefrey, P.},
	Journal = {Brain Research},
	Month = {7},
	Number = {0},
	Pages = {81--92},
	Title = {An inverse relation between event-related and time--frequency violation responses in sentence processing},
	Volume = {1158},
	Year = {2007}}

@article{duun-henriksenkjaermadsen2013a,
	Author = {Jonas Duun-Henriksen and Troels Wesenberg Kjaer and Rasmus Elsborg Madsen and Bo Jespersen and Anne Katrine Duun-Henriksen and Line Sofie Remvig and Carsten Eckhart Thomsen and Helge Bjarup Dissing Sorensen},
	Journal = {Clinical Neurophysiology},
	Number = {0},
	Pages = {-},
	Title = {Subdural to subgaleal {EEG} signal transmission: The role of distance, leakage and insulating affectors},
	Year = {2013}}

@article{hagoorthaldbastiaansen2004a,
	Author = {Peter Hagoort and Lea Hald and Marcel Bastiaansen and Karl Magnus Petersson},
	Journal = {Science},
	Pages = {438--441},
	Title = {Integration of Word Meaning and World Knowledge in Language Comprehension},
	Volume = {304},
	Year = {2004}}

@article{heinetammhofmann2006a,
	Author = {Angela Heine and Sascha Tamm and Markus Hofmann and Rainer M B{\"o}sel and Arthur M Jacobs},
	Journal = {NeuroReport},
	Number = {18},
	Pages = {1835--1839},
	Title = {Event-related theta activity reflects memory processes in pronoun resolution},
	Volume = {17},
	Year = {2006}}

@article{kilner2013a,
	Author = {J.M. Kilner},
	Journal = {Clinical Neurophysiology},
	Number = {0},
	Pages = {-},
	Title = {Bias in a common {EEG} and {MEG} statistical analysis and how to avoid it},
	Year = {2013}}

@article{mellemfriedmanmedvedev2013a,
	Author = {Mellem, Monika S and Friedman, Rhonda B and Medvedev, Andrei V},
	Journal = {Brain and Language},
	Number = {0},
	Pages = {--},
	Title = {Gamma- and theta-band synchronization during semantic priming reflect local and long-range lexical--semantic networks},
	Year = {in press}}

@article{meltzerbraun2011a,
	Author = {Meltzer, Jed A and Braun, Allen R},
	Journal = {Front Hum Neurosci},
	Pages = {10},
	Title = {An EEG-MEG Dissociation between Online Syntactic Comprehension and Post Hoc Reanalysis},
	Volume = {5},
	Year = {2011}}

@article{penolazziangrillijob2009a,
	Author = {Penolazzi, Barbara and Angrilli, Alessandro and Job, Remo},
	Journal = {Neuroscience Letters},
	Month = {11},
	Number = {1},
	Pages = {74--78},
	Title = {Gamma EEG activity induced by semantic violation during sentence reading},
	Volume = {465},
	Year = {2009}}

@article{roehmschlesewskybornkessel2004a,
	Author = {Dietmar Roehm and Matthias Schlesewsky and Ina Bornkessel and Stefan Frisch and Hubert Haider},
	Journal = {NeuroReport},
	Month = {March},
	Number = {3},
	Pages = {409--412},
	Title = {Fractionating language comprehension via frequency characteristics of the human EEG},
	Volume = {15},
	Year = {2004}}

@article{rohmklimeschhaider2001a,
	Author = {R{\"o}hm, D and Klimesch, W and Haider, H and Doppelmayr, M},
	Journal = {Neuroscience letters},
	Month = {Sep},
	Number = {2--3},
	Pages = {137--40},
	Title = {The role of theta and alpha oscillations for language comprehension in the human electroencephalogram},
	Volume = {310},
	Year = {2001}}

@article{simmonsnelsonsimonsohn2011a,
	Author = {Joseph P. Simmons and Leif D. Nelson and Uri Simonsohn},
	Journal = {Psychological Science},
	Title = {False-Positive Psychology : Undisclosed Flexibility in Data Collection and Analysis Allows Presenting Anything as Significant},
	Year = {2011}}

@article{vulharriswinkielman2009a,
	Author = {Edward Vul and Christine Harris and Piotr Winkielman and Harold Pashler},
	Journal = {Perspectives on Psychological Science},
	Number = {3},
	Pages = {274-290},
	Title = {Puzzlingly high correlations in fMRI studies of emotion, personality, and social cognition},
	Volume = {4},
	Year = {2009}}

@article{wangzhubastiaansen2012a,
	Author = {Lin Wang and Zude Zhu and Marcel Bastiaansen},
	Journal = {Frontiers in Psychology},
	Number = {00187},
	Title = {Integration or predictability? A further specification of the functional role of gamma oscillations in language comprehension},
	Volume = {3},
	Year = {2012}}
